
@Article{Delescluse2011,
  author = 	 {Matthieu Delescluse and Romain Franconville and Sebastien Joucla and Tiffany Lieury and Christophe Pouzat},
  title = 	 {Making neurophysiological data analysis reproducible. Why and how?},
  journal = 	 {Journal of Physiology Paris},
  year = 	 {2011},
  OPTkey = 	 {},
  OPTvolume = 	 {},
  number = 	 {0},
  OPTpages = 	 {},
  month = 	 aug,
  OPTnote = 	 {},
  OPTannote = 	 {}
}

