@ARTICLE{5756277, 
author={Schulte, E. and Davison, D.}, 
journal={Computing in Science Engineering}, 
title={Active Documents with Org-Mode}, 
year={2011}, 
month={may-june }, 
volume={13}, 
number={3}, 
pages={66 -73}, 
keywords={Org-mode language;active documents;code intermingling;data intermingling;hierarchical documents;plain-text markup language;prose intermingling;document handling;specification languages;}, 
doi={10.1109/MCSE.2011.41}, 
ISSN={1521-9615},}