@article{Schulte:Davison:Dye:Dominik:2011:JSSOBK:v46i03,
  author =	"Eric Schulte and Dan Davison and Thomas Dye and Carsten Dominik",
  title =	"A Multi-Language Computing Environment for Literate Programming and Reproducible Research",
  journal =	"Journal of Statistical Software",
  volume =	"46",
  number =	"3",
  pages =	"1--24",
  day =  	"25",
  month =	"1",
  year = 	"2012",
  CODEN =	"JSSOBK",
  ISSN = 	"1548-7660",
  bibdate =	"2011-10-03",
  URL =  	"http://www.jstatsoft.org/v46/i03",
  accepted =	"2011-10-03",
  acknowledgement = "",
  keywords =	"",
  submitted =	"2010-12-22",
}
