
@TechReport{Voit2012c,
  author =	 {Karl Voit and Thomas S. Dye},
  title =	 {Reproducible Research with Emacs Org-mode},
  institution =	 {Graz University of Technology},
  year =	 2012,
  URL =		 {https://github.com/novoid/orgmode-iKNOW2012/},
  address =	 {Graz, Austria},
  month =	 sep,
  note =	 {Research 2.0 demo paper at 12th International Conference
                  on Knowledge Management and Knowledge Technologies
                  (i-KNOW)}
}

