
@TechReport{Voit2013,
  author = 	 {Karl Voit},
  title = 	 {What really happened on September 15th 2008? Getting The Most from Your Personal Information with Memacs},
  institution =  {Graz University of Technology},
  year = 	 {2013},
  URL = {http://arxiv.org/abs/1304.1332},
  OPTkey = 	 {},
  OPTtype = 	 {},
  OPTnumber = 	 {},
  OPTaddress = 	 {},
  month = 	 apr,
  OPTnote = 	 {},
  OPTannote = 	 {}
}

